<record xmlns="http://www.loc.gov/MARC21/slim" xmlns:xsi="http://www.w3.org/2001/XMLSchema-instance" xsi:schemaLocation="http://www.loc.gov/MARC21/slim http://www.loc.gov/standards/marcxml/schema/MARC21slim.xsd"><leader>02176nam a2200433   4500</leader><controlfield tag="001">1932726</controlfield><controlfield tag="003">NIC</controlfield><controlfield tag="006">m        d        </controlfield><controlfield tag="007">cr cn |||m|||a</controlfield><controlfield tag="008">150113s1955    ua      ob    000 0 arar </controlfield><datafield ind1=" " ind2=" " tag="040"><subfield code="a">NNU</subfield><subfield code="b">eng</subfield><subfield code="e">rda</subfield><subfield code="c">NNU</subfield></datafield><datafield ind1="0" ind2="0" tag="050"><subfield code="a">PJ7874.A88</subfield><subfield code="b">Z85</subfield></datafield><datafield ind1="1" ind2=" " tag="100"><subfield code="6">880-01</subfield><subfield code="a">Sa&#772;ba&#772;, &#699;I&#772;sa&#772; Mi&#772;kha&#772;&#700;i&#772;l.</subfield></datafield><datafield ind1="1" ind2="3" tag="245"><subfield code="6">880-02</subfield><subfield code="a">al-Shaykh Ibra&#772;hi&#772;m al-Ya&#772;ziji&#772; /</subfield><subfield code="c">bi-qalam &#699;I&#772;sa&#772; Mikha&#772;&#700;i&#772;l Sa&#772;ba&#772;.</subfield></datafield><datafield ind1=" " ind2=" " tag="260"><subfield code="6">880-03</subfield><subfield code="a">Mis&#803;r :</subfield><subfield code="b">Da&#772;r al-Ma&#699;a&#772;rif,</subfield><subfield code="c">[1955]</subfield></datafield><datafield ind1=" " ind2=" " tag="300"><subfield code="a">online resource (95, [4] pages)</subfield></datafield><datafield ind1=" " ind2=" " tag="336"><subfield code="a">text</subfield><subfield code="2">rdacontent</subfield></datafield><datafield ind1=" " ind2=" " tag="337"><subfield code="a">computer</subfield><subfield code="2">rdamedia</subfield></datafield><datafield ind1=" " ind2=" " tag="338"><subfield code="a">online resource</subfield><subfield code="2">rdacarrier</subfield></datafield><datafield ind1="1" ind2=" " tag="490"><subfield code="6">880-04</subfield><subfield code="a">Nawa&#772;bigh al-fikr al-&#699;Arabi&#772; ;</subfield><subfield code="v">14</subfield></datafield><datafield ind1=" " ind2=" " tag="500"><subfield code="a">Part of the Arabic Collections Online (ACO) project, contributed by Cornell University Libraries.</subfield></datafield><datafield ind1=" " ind2=" " tag="504"><subfield code="a">Includes bibliographical references (page 69).</subfield></datafield><datafield ind1=" " ind2=" " tag="533"><subfield code="a">Electronic reproduction.</subfield><subfield code="b">New York, N.Y. :</subfield><subfield code="c">New York University,</subfield><subfield code="d">2015.</subfield><subfield code="5">NNU</subfield></datafield><datafield ind1="1" ind2="0" tag="600"><subfield code="6">880-05</subfield><subfield code="a">Ya&#772;ziji&#772;, Ibra&#772;hi&#772;m,</subfield><subfield code="d">1847-1906.</subfield></datafield><datafield ind1="1" ind2="7" tag="600"><subfield code="a">Ya&#772;ziji&#772;, Ibra&#772;hi&#772;m,</subfield><subfield code="d">1847-1906</subfield><subfield code="2">fast</subfield><subfield code="0">(OCoLC)fst00088378</subfield></datafield><datafield ind1="2" ind2=" " tag="710"><subfield code="a">Cornell University.</subfield><subfield code="b">Libraries.</subfield></datafield><datafield ind1="0" ind2=" " tag="730"><subfield code="a">Arabic Collections Online.</subfield></datafield><datafield ind1="0" ind2="8" tag="776"><subfield code="i">Online version:</subfield><subfield code="a">Sa&#772;ba&#772;, &#699;I&#772;sa&#772; Mi&#772;kha&#772;&#700;i&#772;l.</subfield><subfield code="t">Shaykh Ibra&#772;hi&#772;m al-Ya&#772;ziji&#772;.</subfield><subfield code="d">Mis&#803;r, Da&#772;r al-Ma&#699;a&#772;rif [1955]</subfield><subfield code="w">(OCoLC)610460960</subfield></datafield><datafield ind1="0" ind2="8" tag="776"><subfield code="i">Print version:</subfield><subfield code="a">Sa&#772;ba&#772;, &#699;I&#772;sa&#772; Mi&#772;kha&#772;&#700;i&#772;l.</subfield><subfield code="t">al-Shaykh Ibra&#772;hi&#772;m al-Ya&#772;ziji&#772;</subfield><subfield code="w">(NIC)1932726</subfield><subfield code="w">(DLC)   70228220 </subfield><subfield code="w">(OCoLC)22350528</subfield></datafield><datafield ind1=" " ind2="0" tag="830"><subfield code="6">880-06</subfield><subfield code="a">Nawa&#772;bigh al-fikr al-&#699;Arabi&#772; ;</subfield><subfield code="v">14.</subfield></datafield><datafield ind1="4" ind2="0" tag="856"><subfield code="u">http://hdl.handle.net/2333.1/0k6djkg3</subfield></datafield><datafield ind1="1" ind2=" " tag="880"><subfield code="6">100-01/r</subfield><subfield code="a">&#1587;&#1575;&#1576;&#1575;&#1548; &#1593;&#1610;&#1587;&#1575; &#1605;&#1610;&#1582;&#1575;&#1574;&#1610;&#1604;.</subfield></datafield><datafield ind1="1" ind2="2" tag="880"><subfield code="6">245-02/r</subfield><subfield code="a">&#1575;&#1604;&#1588;&#1610;&#1582; &#1575;&#1576;&#1585;&#1575;&#1607;&#1610;&#1605; &#1575;&#1604;&#1610;&#1575;&#1586;&#1580;&#1610; /</subfield><subfield code="c">&#1576;&#1602;&#1604;&#1605; &#1593;&#1610;&#1587;&#1575; &#1605;&#1582;&#1575;&#1574;&#1610;&#1604; &#1587;&#1575;&#1576;&#1575;.</subfield></datafield><datafield ind1=" " ind2=" " tag="880"><subfield code="6">260-03/r</subfield><subfield code="a">&#1605;&#1589;&#1585; :</subfield><subfield code="b">&#1583;&#1575;&#1585; &#1575;&#1604;&#1605;&#1593;&#1575;&#1585;&#1601;&#1548;</subfield><subfield code="c">[1955]</subfield></datafield><datafield ind1="1" ind2=" " tag="880"><subfield code="6">490-04/r</subfield><subfield code="a">&#1606;&#1608;&#1575;&#1576;&#1594; &#1575;&#1604;&#1601;&#1603;&#1585; &#1575;&#1604;&#1593;&#1585;&#1576;&#1610; &#1563;</subfield><subfield code="v">14</subfield></datafield><datafield ind1="1" ind2="0" tag="880"><subfield code="6">600-05/r</subfield><subfield code="a">&#1610;&#1575;&#1586;&#1580;&#1610;&#1548; &#1575;&#1576;&#1585;&#1575;&#1607;&#1610;&#1605;&#1548;</subfield><subfield code="d">1847-1906.</subfield></datafield><datafield ind1=" " ind2="0" tag="880"><subfield code="6">830-06/r</subfield><subfield code="a">&#1606;&#1608;&#1575;&#1576;&#1594; &#1575;&#1604;&#1601;&#1603;&#1585; &#1575;&#1604;&#1593;&#1585;&#1576;&#1610; &#1563;</subfield><subfield code="v">14.</subfield></datafield><datafield ind1=" " ind2=" " tag="959"><subfield code="a">NNU</subfield><subfield code="b">WEB</subfield><subfield code="c">GENI</subfield><subfield code="t">0</subfield><subfield code="m">Electronic access</subfield><subfield code="s">01</subfield></datafield><datafield ind1=" " ind2=" " tag="999"><subfield code="i">NIC_1932726</subfield><subfield code="o">(OCoLC)ocm22350528</subfield></datafield></record>